@inproceedings{Spiteri-2016-Bola,
    author = {Spiteri, Kevin and Urgaonkar, Rahul and Sitaraman, Ramesh K.},
    booktitle = {Proceedings - IEEE INFOCOM},
    doi = {10.1109/INFOCOM.2016.7524428},
    isbn = {9781467399531},
    issn = {0743166X},
    keywords = {Adaptive Bitrate Streaming,Internet Video,Lyapunov Optimization,Optimal Control,Video Quality},
    month = {jul},
    publisher = {Institute of Electrical and Electronics Engineers Inc.},
    title = {{BOLA: Near-optimal bitrate adaptation for online videos}},
    volume = {2016-July},
    year = {2016}
}

@article{Mishra-2019-the-great-internet-tcp-congestion-control-census,
    author = {Mishra, Ayush and Sun, Xiangpeng and Jain, Atishya and Pande, Sameer and Joshi, Raj and Leong, Ben},
    doi = {10.1145/3366693},
    issn = {2476-1249},
    journal = {Proceedings of the ACM on Measurement and Analysis of Computing Systems},
    month = {dec},
    number = {3},
    pages = {1--24},
    publisher = {Association for Computing Machinery (ACM)},
    title = {{The Great Internet TCP Congestion Control Census}},
    url = {https://dl.acm.org/doi/10.1145/3366693},
    volume = {3},
    year = {2019}
}

@misc{online-ofcom-report,
title = {UK Home Broadband Performance: technical report},
howpublished = {\url{https://www.ofcom.org.uk/__data/assets/pdf_file/0038/194897/uk-home-broadband-performance.pdf}},
}

